@ONLINE{chtrans,
    author    = {Lyn Shan Tieu},
    title     = {Transitivity Requirements in Chinese: Putting the Generic Object in Context},
    url       = {http://homes.chass.utoronto.ca/~cla-acl/actes2007/Tieu.pdf},
    year      = {2007},
    publisher = {University of Toronto},
    annotation  = {This source describes the syntax and usage of transitive verbs in Chinese. It discusses what contexts they're meaningful in, if any, and will be a useful source in my discussion of the fourth definition Harley offers.}
},
@book{words,
    author    = {Heidi Harley},
    title     = {What is a Word?},
    year      = {2004},
    publisher = {University of Arizona},
    annotation = {This source is the primary `sounding board' for this paper, providing the definitions of a word I intend to argue against. Additionally it provides an abundance of general information about words and rebuffs counterarguments to its definitions. However, the counterarguments make little mention of languages other than English; this is a fact I intend to exploit in my paper.}
},
@book{mandarin,
    author    = {Julian K. Wheatley},
    title     = {Learning Chinese: A Foundation Course in Mandarin},
    year      = {2007},
    publisher = {Brown University},
    annotation  = {This textbook provides a comprehensive introduction to written Chinese and spoken Mandarin, including specific chapters on syntax, phonology, and morphology. I intend to use this source to provide general information about Mandarin and as a foundation for more detailed discussions about the language.}
},
